@book{womak:lean-thinking,
    author  = {James P. Womack, Daniel T. Jones},
    title   = {Lean Thinking, Second Editon},
    publisher = {Simon \& Schuster, Inc.},
    year    = {2010}
}


@official{site:jira,
    title = {Jira},
    url = {https://it.atlassian.com/software/jira}
}
@official{site:confluence,
    title = {Confluence},
    url = {https://it.atlassian.com/software/confluence}
}
@official{site:git,
    title = {Git},
    url = {https://git-scm.com/}
}
@official{site:gitlab,
    title = {Gitlab},
    url = {https://about.gitlab.com/}
}
@official{site:jenkins,
    title = {Jenkins},
    url = {https://jenkins.io/}
}

@online{site:scrum-site,
    title   = {Metodoloigia SCRUM},
    url     = {https://www.scrum.org/resources/what-is-scrum}
}
@online{article:open-closed,
    title   = {Open-Closed Model Load Generators},
    url     = {http://users.cms.caltech.edu/~adamw/publications-openclosed.html}
}
